<record><leader>00000cas a2200000 a 4500</leader><controlfield tag="001">1776541</controlfield><controlfield tag="008">751101c19369999njuwr ne  o   0   a0eng c</controlfield><datafield ind1=" " ind2=" " tag="010"><subfield code="a">sn 78004853 </subfield></datafield><datafield ind1=" " ind2=" " tag="040"><subfield code="a">MUL</subfield><subfield code="b">eng</subfield><subfield code="c">MUL</subfield><subfield code="d">OCL</subfield><subfield code="d">BTI</subfield><subfield code="d">MUL</subfield><subfield code="d">NSD</subfield><subfield code="d">NST</subfield><subfield code="d">ELM</subfield><subfield code="d">CNW</subfield><subfield code="d">NVK</subfield><subfield code="d">ATL</subfield><subfield code="d">OCL</subfield><subfield code="d">OCLCQ</subfield><subfield code="d">OCLCG</subfield><subfield code="d">OCLCA</subfield><subfield code="d">OCLCQ</subfield><subfield code="d">OCL</subfield><subfield code="d">OCLCQ</subfield><subfield code="d">OCLCF</subfield><subfield code="d">OCLCO</subfield></datafield><datafield ind1=" " ind2=" " tag="012"><subfield code="i">9004</subfield><subfield code="j">0</subfield><subfield code="k">1</subfield><subfield code="m">1</subfield></datafield><datafield ind1="0" ind2=" " tag="022"><subfield code="a">0009-5265</subfield><subfield code="l">0009-5265</subfield><subfield code="2">1</subfield></datafield><datafield ind1="1" ind2=" " tag="029"><subfield code="a">AU@</subfield><subfield code="b">000021431479</subfield></datafield><datafield ind1=" " ind2=" " tag="032"><subfield code="a">107320</subfield><subfield code="b">USPS</subfield></datafield><datafield ind1=" " ind2=" " tag="037"><subfield code="b">Christian Beacon, 756 Haddon Ave., Collingswood, NJ 08108</subfield></datafield><datafield ind1=" " ind2=" " tag="042"><subfield code="a">nsdp</subfield><subfield code="a">pcc</subfield></datafield><datafield ind1=" " ind2=" " tag="043"><subfield code="a">n-us---</subfield></datafield><datafield ind1=" " ind2="4" tag="050"><subfield code="a">HX536</subfield></datafield><datafield ind1="0" ind2=" " tag="210"><subfield code="a">Christ. beac.</subfield></datafield><datafield ind1=" " ind2="0" tag="222"><subfield code="a">Christian beacon</subfield></datafield><datafield ind1="0" ind2="0" tag="245"><subfield code="a">Christian beacon.</subfield></datafield><datafield ind1=" " ind2=" " tag="260"><subfield code="a">Collingswood, N.J. :</subfield><subfield code="b">Christian Beacon.</subfield></datafield><datafield ind1=" " ind2=" " tag="300"><subfield code="a">v. :</subfield><subfield code="b">ill. ;</subfield><subfield code="c">44 cm.</subfield></datafield><datafield ind1=" " ind2=" " tag="310"><subfield code="a">Weekly</subfield></datafield><datafield ind1="1" ind2=" " tag="362"><subfield code="a">Began with v. 1 on Feb. 13, 1936-</subfield><subfield code="z">Cf. National union catalog.</subfield></datafield><datafield ind1=" " ind2=" " tag="500"><subfield code="a">Editor: 1936-&lt;1964&gt; C. McIntire.</subfield></datafield><datafield ind1=" " ind2=" " tag="530"><subfield code="a">Also issued on microfilm by American Theological Library Association.</subfield></datafield><datafield ind1=" " ind2=" " tag="588"><subfield code="a">Description based on: Vol. 15, no. 1 (Feb. 16, 1950).</subfield></datafield><datafield ind1=" " ind2="0" tag="650"><subfield code="a">Communism and Christianity</subfield><subfield code="z">United States</subfield><subfield code="v">Newspapers.</subfield></datafield><datafield ind1=" " ind2="0" tag="650"><subfield code="a">Anti-communist movements</subfield><subfield code="z">United States</subfield><subfield code="v">Newspapers.</subfield></datafield><datafield ind1=" " ind2="0" tag="650"><subfield code="a">Modernist-fundamentalist controversy</subfield><subfield code="v">Newspapers.</subfield></datafield><datafield ind1=" " ind2="0" tag="651"><subfield code="a">Collingswood (N.J.)</subfield><subfield code="v">Newspapers.</subfield></datafield><datafield ind1=" " ind2="7" tag="655"><subfield code="a">Newspapers.</subfield><subfield code="2">fast</subfield><subfield code="0">(OCoLC)fst01423814</subfield></datafield><datafield ind1=" " ind2="7" tag="650"><subfield code="a">Anti-communist movements.</subfield><subfield code="2">fast</subfield><subfield code="0">(OCoLC)fst00810317</subfield></datafield><datafield ind1=" " ind2="7" tag="650"><subfield code="a">Communism and Christianity.</subfield><subfield code="2">fast</subfield><subfield code="0">(OCoLC)fst00870466</subfield></datafield><datafield ind1=" " ind2="7" tag="650"><subfield code="a">Modernist-fundamentalist controversy.</subfield><subfield code="2">fast</subfield><subfield code="0">(OCoLC)fst01024459</subfield></datafield><datafield ind1=" " ind2="7" tag="651"><subfield code="a">New Jersey</subfield><subfield code="z">Collingswood.</subfield><subfield code="2">fast</subfield><subfield code="0">(OCoLC)fst01203128</subfield></datafield><datafield ind1=" " ind2="7" tag="651"><subfield code="a">United States.</subfield><subfield code="2">fast</subfield><subfield code="0">(OCoLC)fst01204155</subfield></datafield><datafield ind1="1" ind2=" " tag="700"><subfield code="a">McIntire, Carl,</subfield><subfield code="d">1906-2002.</subfield></datafield><datafield ind1=" " ind2=" " tag="752"><subfield code="a">United States</subfield><subfield code="b">New Jersey</subfield><subfield code="c">Camden</subfield><subfield code="d">Collingswood.</subfield></datafield><datafield ind1="1" ind2=" " tag="776"><subfield code="c">Microfilm</subfield><subfield code="d">American Theological Library Association</subfield><subfield code="w">(DLC)   00221277</subfield><subfield code="w">(OCoLC)43723128</subfield></datafield><datafield ind1=" " ind2=" " tag="850"><subfield code="a">CtY-D</subfield><subfield code="a">KU-S</subfield><subfield code="a">MiU</subfield></datafield><datafield ind1=" " ind2=" " tag="936"><subfield code="a">unknown</subfield><subfield code="a">Jan. 22, 1981 (surrogate)</subfield></datafield></record>